@online{kronos_group,
	author = {{Khronos Group}},
	title="{Kronos Group: Connecting software to silicon}",
	howpublished="\url{http://www.khronos.org/}",
	url="\url{http://www.khronos.org/}"
}
@misc{opengl_kronos,
	author = {{Khronos Group}},
	title="{OpenGL : The Industry's Foundation for High Performance Graphics}",
	howpublished="\url{http://www.khronos.org/opengl/}",
	url="\url{http://www.khronos.org/opengl/}",
}
@online{opengles_kronos,
	author = {{Khronos Group}},
	title = "{OpenGL ES: The Standard for Embedded Accelerated 3D Graphics}",
	howpublished="\url{http://www.khronos.org/opengles/}",
	url = {http://www.khronos.org/opengles/}
}
@online{webgl_kronos,
	author = {{Khronos Group}},
	title = "{WebGL : OpenGL ES 2.0 for the Web}",
	howpublished="\url{http://www.khronos.org/webgl/}",
	url = {http://www.khronos.org/webgl/}
}
@online{androidcom,
	author = {{Google}},
	title = {{Android}},
	howpublished="\url{http://www.android.com/}",
	url = {http://www.android.com/}
}
@online{gnulinux,
	author = {{Richard M. Stallman}},
	title = "{Linux and the GNU System}",
	howpublished="\url{https://www.gnu.org/gnu/linux-and-gnu.html}",
	url = {https://www.gnu.org/gnu/linux-and-gnu.html}
}
@book{mobile_3d_graphics_with_OGLES_M3G,
	author= {{Kari Pulli, Tomi Aarnio, Ville Miettinen, Kimmo Roimela, Jani Vaarala}},
	title = {{Mobile 3D Graphics: with OpenGL ES and M3G}},
	year = "2007",
	publisher = "Morgan Kaufmann Publishers"
}
@online{opengl_es3_spec,
	author = {{Kronos Group}},
	title = {{OpenGL ES Version 3.0 (August 6, 2012)}},
	howpublished = {\url{http://www.khronos.org/registry/gles/specs/3.0/es_spec_3.0.0.pdf}},
	url = {http://www.khronos.org/registry/gles/specs/3.0/es_spec_3.0.0.pdf}
}
@online{zygote_body,
	author = {{Zygote Media Corp Inc.}},
	title = {{Zygote Body}},
	howpublished = {\url{http://www.zygotebody.com/}},
	url = {http://www.zygotebody.com/}
}